@inbook{compIIIcapX,
author = {{Superintendencia de Pensiones}},
title = {Tablas de Mortalidad},
booktitle = {Compendio de Normas del Sistema de Pensiones},
year = 2011,
part = {III},
chapter = {X},
url = {http://www.spensiones.cl/compendio/577/w3-propertyvalue-3483.html}
}

@inbook{compIIIcapI,
author = {{Superintendencia de Pensiones}},
title = {Anexo N 7 Capitales necesarios},
booktitle = {Compendio de Normas del Sistema de Pensiones},
year = 2011,
part = {III},
chapter = {I},
url = {http://www.spensiones.cl/compendio/577/w3-propertyvalue-3262.html}
}

@inbook{compIIIcapII,
author = {{Superintendencia de Pensiones}},
title = {Cuota mortuoria},
booktitle = {Compendio de Normas del Sistema de Pensiones},
year = 2011,
part = {III},
chapter = {II},
url = {http://www.spensiones.cl/compendio/577/w3-propertyvalue-3227.html}
}

@techreport{edwards1997,
  title={Introducci{\'o}n al an{\'a}lisis de rentas vitalicias},
  author={Edwards, Gonzalo},
  year={1997},
 institution={{Instituto de Econom{\'i}a, Pontificia Universidad Cat{\'o}lica de Chile}},
  publisher={Oficina de Publicaciones},
  number={58},
  type={Trabajo Docente IE-PUC},
  url={http://www.economia.puc.cl/docs/trd_58.pdf}
}

@techreport{pino2005,
 title={Retiros Programados y Nuevas Tablas de Mortalidad},
author={ Francisco {Pino Emhart}},
year={2005},
type={Nota t\'ecnica},
number={1},
institution={Superintendencia de Pensiones},
url={http://www.spensiones.cl/portal/informes/581/articles-2871_pdf.pdf}
}